<?xml version="1.0" encoding="UTF-8"?><collection xmlns="http://www.loc.gov/MARC21/slim"><record><leader>00515nam--2200181-i-4500</leader><controlfield tag="001">000007924</controlfield><controlfield tag="002">20161230</controlfield><controlfield tag="005">20161230201027</controlfield><controlfield tag="008">060222s1000------------r-----000-0-rus-d</controlfield><datafield ind1=" " ind2=" " tag="040"><subfield code="a">IFIN-HH</subfield></datafield><datafield ind1=" " ind2=" " tag="041"><subfield code="a">rus</subfield></datafield><datafield ind1=" " ind2=" " tag="080"><subfield code="a">539.1.074</subfield></datafield><datafield ind1="1" ind2=" " tag="100"><subfield code="a">Bondarev, G.S</subfield></datafield><datafield ind1="1" ind2="0" tag="245"><subfield code="a">Datciki i pribori avtomaticeskogo kontrolia dlia transportirovocinih ustroistv</subfield><subfield code="c">G.s. bondarev</subfield></datafield><datafield ind1=" " ind2=" " tag="260"><subfield code="a">Moskva</subfield><subfield code="b">Energeticeskoe Izdatelstvo</subfield><subfield code="c">1961</subfield></datafield><datafield ind1=" " ind2=" " tag="300"><subfield code="a">48P</subfield></datafield><datafield ind1=" " ind2=" " tag="852"><subfield code="a">47467</subfield><subfield code="c">539.1.07:539.1.08</subfield></datafield><datafield ind1=" " ind2=" " tag="CAT"><subfield code="a">Sys</subfield><subfield code="c">20111027</subfield><subfield code="h">134019</subfield></datafield></record></collection>